@book{2015amazon,
  title     = {Amazon Web Services パターン別構築・運用ガイド: 一番大切な知識と技術が身につく},
  author    = {佐々木拓郎 and 林晋一郎 and 小西秀和 and 佐藤瞬},
  isbn      = {9784797382570},
  url       = {https://books.google.co.jp/books?id=V72pBwAAQBAJ},
  year      = {2015},
  publisher = {SBクリエイティブ}
}