@book{DNSBIND,
  title     = {{DNS\&BIND} 第4版},
  author    = {Paul Albitz and Cricket Liu 共著},
  abstract  = {最新仕様のBIND9に対応},
  publisher = {O'Reilly},
  month     = {feb},
  year      = {2002},
  address   = {Heidelberg, Germany},
  language  = {ja}
}