@book{スーパー大辞林,
  author    = {三省堂編},
  publisher = {三省堂},
  title     = {スーパー大辞林},
  year      = {2020}
}
@misc{itmanage,
  author       = {アイティーエム},
  title        = {仮想化技術について解説},
  howpublished = {\url{https://www.itmanage.co.jp/column/virtualization-server-integration/}},
  year         = {Last confirmed date: July 6th, 2023}
}
@book{2015amazon,
  title     = {Amazon Web Services パターン別構築・運用ガイド: 一番大切な知識と技術が身につく},
  author    = {佐々木拓郎 and 林晋一郎 and 小西秀和 and 佐藤瞬},
  isbn      = {9784797382570},
  url       = {https://books.google.co.jp/books?id=V72pBwAAQBAJ},
  year      = {2015},
  publisher = {SBクリエイティブ}
}
@misc{docker,
  author       = {Docker Inc.},
  howpublished = {\url{https://www.docker.com/company/newsroom/media-resources/}},
  title        = {DOcker Logos},
  year         = {Last confirmed date: July 7th, 2023}
}
@misc{VMBox,
  author       = {ORACLE},
  howpublished = {\url{https://www.virtualbox.org}},
  title        = {Welcome to VirtualBox.org!},
  year         = {Last confirmed date: July 7th, 2023}
}