@book{マスタリングTCPIP,
  title     = {マスタリング{TCP/IP} 入門編（第6版）},
  author    = {直也井上 and 公保村山 and 隆史竹下 and 透荒井 and 幸雄苅田},
  isbn      = {9784274224478},
  url       = {https://books.google.co.jp/books?id=01LADwAAQBAJ},
  year      = {2019},
  publisher = {オーム社}
}
@book{インターネット工学,
  title     = {インターネット工学 （シリーズ知能機械工学）},
  author    = {原山 美知子},
  editor    = {},
  publisher = {共立出版},
  year      = {2014},
  edition   = {},
  series    = {シリーズ知能機械工学},
  volume    = {},
  isbn      = {},
  url       = {https://elib.maruzen.co.jp/elib/html/BookDetail/Id/3000027223/}
}

